@article{Sestakova2018,
    author   = {Eliška Šestáková and Jan Janoušek},
    journal  = {Information},
    title    = {Automata Approach to XML Data Indexing},
    year     = {2018},
    volume   = {9},
    number   = {1},
    issn     = {2078-2489},
    medium   = {online},
    accessed = {2019-03-26},
    doi      = {10.3390/info9010012},
    url      = {http://www.mdpi.com/2078-2489/9/1/12}
}

@misc{xmlgen,
    title        = {Intel® 64 and IA-32 Architectures Software Developer Manuals },
    url          = {https://www.intel.com/content/www/us/en/developer/articles/technical/intel-sdm.html},
    howpublished = {online},
    citedate     = {2022/09/24}
}

@misc{dwarf,
    title        = {The DWARF Debugging Standard},
    url          = {https://dwarfstd.org/},
    howpublished = {online},
    citedate     = {2022/09/24}
}

@misc{ptrace,
    title        = {Linux Programmer's Manual - PTRACE(2)},
    url          = {https://man7.org/linux/man-pages/man2/ptrace.2.html},
    howpublished = {online},
    citedate     = {2022/09/24}
}

@article{software-debugging-testing-verification,
    author  = {Hailpern, B. and Santhanam, P.},
    journal = {IBM Systems Journal},
    title   = {Software debugging, testing, and verification},
    year    = {2002},
    volume  = {41},
    number  = {1},
    pages   = {4-12},
    doi     = {10.1147/sj.411.0004}
}

@misc{windows-msdn-debugging-api,
    title        = {msdn - the debugging application programming interface},
    url          = {https://learn.microsoft.com/en-us/previous-versions/ms809754(v=msdn.10)},
    howpublished = {online},
    citedate     = {2022/12/30},
}

@misc{windows-press-debugging-api,
    title        = {How Windows Debuggers Work},
    url          = {https://www.microsoftpressstore.com/articles/article.aspx?p=2201303},
    howpublished = {online},
    citedate     = {2022/12/30},
}

